<record><leader>00000cas a2200000 a 4500</leader><controlfield tag="001">9608318</controlfield><controlfield tag="008">830615d18291834gauwr ne      0   a0eng c</controlfield><datafield ind1=" " ind2=" " tag="010"><subfield code="a">sn 83020874 </subfield></datafield><datafield ind1=" " ind2=" " tag="040"><subfield code="a">NPX</subfield><subfield code="b">eng</subfield><subfield code="c">NPX</subfield><subfield code="d">NPI</subfield><subfield code="d">NPU</subfield><subfield code="d">NPY</subfield><subfield code="d">DLC</subfield><subfield code="d">NJW</subfield><subfield code="d">KNP</subfield><subfield code="d">NYG</subfield><subfield code="d">YOX</subfield><subfield code="d">ANU</subfield><subfield code="d">NLG</subfield><subfield code="d">YOX</subfield><subfield code="d">CNW</subfield><subfield code="d">CNK</subfield><subfield code="d">MGN</subfield><subfield code="d">FUG</subfield><subfield code="d">OBN</subfield><subfield code="d">NVK</subfield><subfield code="d">TGN</subfield><subfield code="d">OCL</subfield><subfield code="d">CVF</subfield><subfield code="d">NVF</subfield><subfield code="d">OCLCG</subfield><subfield code="d">KRTAS</subfield><subfield code="d">CUI</subfield><subfield code="d">OCLCQ</subfield><subfield code="d">OCLCA</subfield><subfield code="d">OCLCF</subfield><subfield code="d">OCLCQ</subfield><subfield code="d">DLC</subfield></datafield><datafield ind1="0" ind2=" " tag="022"><subfield code="a">2574-5727</subfield><subfield code="2">1</subfield></datafield><datafield ind1="0" ind2=" " tag="041"><subfield code="a">eng</subfield><subfield code="a">chr</subfield></datafield><datafield ind1=" " ind2=" " tag="042"><subfield code="a">pcc</subfield><subfield code="a">nsdp</subfield></datafield><datafield ind1=" " ind2=" " tag="043"><subfield code="a">n-us-ga</subfield></datafield><datafield ind1="0" ind2="0" tag="050"><subfield code="a">Newspaper</subfield></datafield><datafield ind1=" " ind2="4" tag="050"><subfield code="a">AN</subfield></datafield><datafield ind1="1" ind2="0" tag="082"><subfield code="a">071</subfield><subfield code="2">23</subfield></datafield><datafield ind1=" " ind2="0" tag="222"><subfield code="a">Cherokee phoenix, and Indians' advocate</subfield><subfield code="b">(Print)</subfield></datafield><datafield ind1="0" ind2="0" tag="245"><subfield code="a">Cherokee phoenix, and Indians' advocate.</subfield></datafield><datafield ind1="1" ind2=" " tag="246"><subfield code="i">Published Nov. 6, 1830-Jan. 5, 1833 as:</subfield><subfield code="a">Cherokee phoenix, &amp; Indians' advocate</subfield></datafield><datafield ind1="1" ind2="3" tag="246"><subfield code="a">Cherokee phoenix</subfield></datafield><datafield ind1=" " ind2=" " tag="260"><subfield code="a">New Echota [Ga.] :</subfield><subfield code="b">Cherokee Nation,</subfield><subfield code="c">1829-1834.</subfield></datafield><datafield ind1=" " ind2=" " tag="300"><subfield code="a">volumes</subfield></datafield><datafield ind1=" " ind2=" " tag="310"><subfield code="a">Weekly,</subfield><subfield code="b">May 24, 1834-May 31, 1834</subfield></datafield><datafield ind1=" " ind2=" " tag="321"><subfield code="a">Weekly,</subfield><subfield code="b">1829-May 3, 1834</subfield></datafield><datafield ind1=" " ind2=" " tag="321"><subfield code="a">Semiweekly,</subfield><subfield code="b">&lt;May 10 [i.e. 6]-17, 1834&gt;</subfield></datafield><datafield ind1=" " ind2=" " tag="336"><subfield code="a">text</subfield><subfield code="b">txt</subfield><subfield code="2">rdacontent</subfield></datafield><datafield ind1=" " ind2=" " tag="337"><subfield code="a">unmediated</subfield><subfield code="b">n</subfield><subfield code="2">rdamedia</subfield></datafield><datafield ind1=" " ind2=" " tag="338"><subfield code="a">volume</subfield><subfield code="b">nc</subfield><subfield code="2">rdacarrier</subfield></datafield><datafield ind1="0" ind2=" " tag="362"><subfield code="a">Vol. 1, no. 48 (Feb. 11, 1829)-v. 5, no. 52 (May 31, 1834).</subfield></datafield><datafield ind1=" " ind2=" " tag="500"><subfield code="a">Title in masthead also in Cherokee, Feb. 11, 1829-Jan. 5, 1833.</subfield></datafield><datafield ind1=" " ind2=" " tag="500"><subfield code="a">Printers: John F. Wheeler, Feb. 11, 1829-Feb. 19, 1831; John Candy, Mar. 5, 1831-&lt;Dec. 1, 1832&gt;; Carrington W. Hicks, &lt;Jan. 19-Apr. 20, 1833&gt;.</subfield></datafield><datafield ind1=" " ind2=" " tag="500"><subfield code="a">Editors: Elias Boudinott, Feb. 11, 1829-&lt;Aug. 11, 1832&gt;; Elijah Hicks, &lt;Sept. 8, 1832&gt;-May 31, 1834.</subfield></datafield><datafield ind1=" " ind2=" " tag="515"><subfield code="a">Suspended May 6-20, Oct. 7, 1829; May 11, 25-July 13, 1833. The publisher expressed his intention to publish weekly; however, due to "difficulties of obtaining printers," there were numerous suspensions.</subfield></datafield><datafield ind1=" " ind2=" " tag="515"><subfield code="a">Continues numbering of: Cherokee phoenix.</subfield></datafield><datafield ind1="8" ind2=" " tag="521"><subfield code="a">"Printed under the patronage, and for the benefit of the Cherokee Nation, and devoted to the cause of Indians."</subfield></datafield><datafield ind1=" " ind2=" " tag="530"><subfield code="a">Archived issues are available in digital format from the Library of Congress Chronicling America online collection.</subfield></datafield><datafield ind1=" " ind2=" " tag="546"><subfield code="a">In English and Cherokee.</subfield></datafield><datafield ind1=" " ind2="0" tag="650"><subfield code="a">Cherokee Indians</subfield><subfield code="z">Georgia</subfield><subfield code="v">Newspapers.</subfield></datafield><datafield ind1=" " ind2="0" tag="650"><subfield code="a">Indians of North America</subfield><subfield code="z">Georgia</subfield><subfield code="v">Newspapers.</subfield></datafield><datafield ind1=" " ind2="0" tag="651"><subfield code="a">Gordon County (Ga.)</subfield><subfield code="v">Newspapers.</subfield></datafield><datafield ind1=" " ind2="7" tag="650"><subfield code="a">Cherokee Indians.</subfield><subfield code="2">fast</subfield><subfield code="0">(OCoLC)fst00853662</subfield></datafield><datafield ind1=" " ind2="7" tag="650"><subfield code="a">Indians of North America.</subfield><subfield code="2">fast</subfield><subfield code="0">(OCoLC)fst00969633</subfield></datafield><datafield ind1=" " ind2="7" tag="651"><subfield code="a">Georgia.</subfield><subfield code="2">fast</subfield><subfield code="0">(OCoLC)fst01204622</subfield></datafield><datafield ind1=" " ind2="7" tag="651"><subfield code="a">Georgia</subfield><subfield code="z">Gordon County.</subfield><subfield code="2">fast</subfield><subfield code="0">(OCoLC)fst01211769</subfield></datafield><datafield ind1=" " ind2="7" tag="655"><subfield code="a">Newspapers.</subfield><subfield code="2">fast</subfield><subfield code="0">(OCoLC)fst01423814</subfield></datafield><datafield ind1="1" ind2=" " tag="700"><subfield code="a">Boudinot, Elias,</subfield><subfield code="d">-1839.</subfield></datafield><datafield ind1=" " ind2=" " tag="752"><subfield code="a">United States</subfield><subfield code="b">Georgia</subfield><subfield code="c">Gordon</subfield><subfield code="d">Echota.</subfield></datafield><datafield ind1="0" ind2="8" tag="776"><subfield code="i">Online version:</subfield><subfield code="t">Cherokee phoenix, and Indians' advocate</subfield><subfield code="x">2574-5735</subfield><subfield code="w">(DLC)  2017218632</subfield><subfield code="w">(OCoLC)600273242</subfield></datafield><datafield ind1="0" ind2="0" tag="780"><subfield code="t">Cherokee phoenix (New Echota, Ga.)</subfield><subfield code="x">2574-5700</subfield><subfield code="w">(DLC)sn 83020866</subfield><subfield code="w">(OCoLC)9600630</subfield></datafield><datafield ind1="4" ind2="1" tag="856"><subfield code="u">http://www.loc.gov/chroniclingamerica/lccn/sn83020874/issues</subfield></datafield><datafield ind1=" " ind2=" " tag="938"><subfield code="a">Kirtas Technologies, Inc.</subfield><subfield code="b">KRTS</subfield><subfield code="n">736885</subfield></datafield><datafield ind1="1" ind2=" " tag="029"><subfield code="a">AU@</subfield><subfield code="b">000043080713</subfield></datafield></record>